%% biblatex bibliography
@PhdThesis{Houllier-thesis,
  author = {Thomas, Houllier},
  school = {Univ Jean Monnet -- Saint-Etienne},
  title  = {Freeform imaging optical systems},
  year   = {2021},
  month  = mar,
  type   = {phdthesis},
  doi    = {http://dx.doi.org/10.13140/RG.2.2.12722.27841}}

@misc{mathworld:direction-cosine,
  author = {Weisstein, Eric W.},
  title = {Direction cosine},
  url = {https://mathworld.wolfram.com/DirectionCosine.html},
  note = {From MathWorld--A Wolfram Web Resource. [Online; accessed
          22-Sep-2022]}}

@misc{mathworld:normal-vector,
  author = {Weisstein, Eric W.},
  title = {Normal vector},
  url = {https://mathworld.wolfram.com/NormalVector.html},
  note = {From MathWorld--A Wolfram Web Resource. [Online; accessed
          15-Oct-2022]}}

@Misc{wiki:specular-reflection,
  author       = {{Wikipedia contributors}},
  howpublished = {\url{https://en.wikipedia.org/w/index.php?title=Specular_reflection&oldid=1116077720}},
  note         = {[Online; accessed 17-October-2022]},
  title        = {Specular reflection --- {Wikipedia}{,} {The Free
                  Encyclopedia}},
  year         = {2022},
  groups       = {poaky}}

@Book{Glassner:1989,
  author    = {Andrew S. Glassner},
  publisher = {Academic Press Ltd.},
  title     = {{An Introduction to Ray Tracing}},
  year      = {1989},
  url       = {https://www.realtimerendering.com/blog/an-introduction-to-ray-tracing-is-now-free-for-download/}}

@Book{Comninos:2010,
  author    = {Comninos, Peter},
  publisher = {Springer Science \& Business Media},
  title     = {Mathematical and computer programming techniques for computer
               graphics},
  year      = {2010}}

@misc{wiki:snell-refraction,
  author = "{Wikipedia contributors}",
  title = "Snell's law --- {Wikipedia}{,} The Free Encyclopedia",
  year = "2022",
  howpublished = "\url{https://en.wikipedia.org/w/index.php?title=Snell\%27s_law&oldid=1117944194}",
  note = "[Online; accessed 3-November-2022]"}

@Book{Marrs:2021,
  editor    = {Adam Marrs and Peter Shirley and Ingo Wald},
  publisher = {Apress},
  title     = {{Ray Tracing Gems} {II}},
  year      = {2021},
  doi       = {10.1007/978-1-4842-7185-8}}

@Misc{Bec:1997,
  author       = {Xavier Bec},
  howpublished = {Online -- Ray Tracing News Vol.10 number 1},
  title        = {{Faster Refraction Formula, and Transmission Color Filtering}},
  year         = {1997},
  url          = {https://www.realtimerendering.com/resources/RTNews/html//rtnv10n1.html}}

@InProceedings{Whitted:2005,
  author    = {Turner Whitted},
  booktitle = {{ACM} {SIGGRAPH} 2005 Courses on - {SIGGRAPH} {\textquotesingle}05},
  title     = {An improved illumination model for shaded display},
  year      = {2005},
  publisher = {{ACM} Press},
  doi       = {10.1145/1198555.1198743}}

@InProceedings{Heckbert:1984,
  author    = {Paul S. Heckbert and Pat Hanrahan},
  booktitle = {Proceedings of the 11th annual conference on Computer graphics and interactive techniques - {SIGGRAPH} {\textquotesingle}84},
  title     = {Beam tracing polygonal objects},
  year      = {1984},
  publisher = {{ACM} Press},
  doi       = {10.1145/800031.808588}}

@Misc{wiki:rotation-matrix,
  author = {{Wikipedia contributors}},
  note   = {[Online; accessed 26-November-2022]},
  title  = {Rotation matrix --- {Wikipedia}{,} The Free Encyclopedia},
  year   = {2022},
  url    = {https://en.wikipedia.org/w/index.php?title=Rotation_matrix&oldid=1122062121}}

@Misc{wiki:quadric,
  author = {{Wikipedia contributors}},
  note   = {[Online; accessed 1-December-2022]},
  title  = {Quadric --- {Wikipedia}{,} The Free Encyclopedia},
  year   = {2022},
  groups = {poaky},
  url    = {https://en.wikipedia.org/w/index.php?title=Quadric&oldid=1124841009},
}

@Book{Venit:2008,
  author    = {Stewart, Venit and Bishop, Wayne and Jason, Brown},
  publisher = {Nelson College Indigenous},
  title     = {Elementary linear algebra},
  year      = {2008},
  edition   = {First Canadian Edition}}

@Book{Welford:1986,
  author    = {Welford, Walter Thompson},
  editor    = {Pike, E. R. and Saleh, B. E. A. and Welford, W. T.},
  publisher = {Adam Hilger},
  title     = {Aberrations of optical systems},
  year      = {1986}}

@InProceedings{Greynolds:2002,
  author    = {Greynolds, Alan W.},
  booktitle = {{International Optical Design Conference Technical Digest}},
  title     = {Superconic and subconic surfaces in optical design},
  year      = {2002}}

@Misc{wiki:normal,
  author = {{Wikipedia contributors}},
  note   = {[Online; accessed 4-December-2022]},
  title  = {Normal (geometry) --- {Wikipedia}{,} The Free Encyclopedia},
  year   = {2022},
  url    = {https://en.wikipedia.org/w/index.php?title=Normal_(geometry)&oldid=1115796469}}
